@article{paper1,
    author = {K. He, X. Zhang, S. Ren, and J. Sun},
    title = {Deep Residual Learning for Image Recognition},
    journal = {International Journal of Agricultural Systems},
    year = {2016},
    publisher = {IEEE Publisher},
    url = {https://www.example.com/paper5},
    doi = {10.1109/CVPR.2016.90}
}

@article{paper2,
    author = {Dr. Archana V. Dehankar, Darshana Kohad, Hemanshu Dharmik, Shravani Chambhare, Kaustubh Dhoke, and Janvi Hingwe},
    title = {A Review on Fruit Segregation Using Deep Learning},
    journal = {Vidyabharati International Interdisciplinary Research Journal},
    year = {2023},
    pages = {111-114},
    publisher = {Academia},
    url = {https://www.academia.edu/100101319}
}

@article{methodology1,
    author = {S. Sukkasem, W. Jitsakul, and P. Meesad},
    title = {Fruit Classification with Deep Transfer Learning Using Image Processing},
    journal = {7th International Conference on Information Technology (InCIT)},
    year = {2023},
    publisher = {IEEE},
    pages = {464-469},
    doi = {10.1109/InCIT60207.2023.10413036}
}

@article{methodology2,
    author = {J. Sharma},
    title = {Advanced Fruit Classification Using EfficientNetB3 Focusing on Apples and Tomatoes},
    journal = {3rd International Conference for Advancement in Technology (ICONAT)},
    year = {2024},
    pages = {1-4},
    doi = {10.1109/ICONAT61936.2024.10774951}
}

@article{methodology3,
    author = {M. W. Ahdi, A. Kunaefi, B. A. Nugroho, and A. Yusuf},
    title = {Convolutional Neural Network (CNN) EfficientNet-B0 Model Architecture for Paddy Diseases Classification},
    journal = {14th International Conference on Information & Communication Technology and System (ICTS)},
    year = {2023},
    pages = {105-110},
    doi = {10.1109/ICTS58770.2023.10330828}
}

@article{methodology4,
    author = {O. J. V. Ramirez, J. E. Cruz de la Cruz, and W. A. M. Machaca},
    title = {Agroindustrial Plant for the Classification of Hass Avocados in Real-Time with ResNet-18 Architecture},
    journal = {5th International Conference on Robotics and Automation Sciences (ICRAS)},
    year = {2021},
    pages = {206-210},
    doi = {10.1109/ICRAS52289.2021.9476659}
}

@article{methodology5,
    author = {Y. Ayman, N. ElShabasy, and N. Nazih},
    title = {A Deep Learning Approach for Fruit Recognition and Nutrition Detection},
    journal = {International Telecommunications Conference (ITC-Egypt)},
    year = {2024},
    pages = {1-6},
    doi = {10.1109/ITC-Egypt61547.2024.10620582}
}

@article{methodology6,
    author = {S.-H. Miraei Ashtiani, S. Javanmardi, M. Jahanbanifard, A. Martynenko, and F. J. Verbeek},
    title = {Detection of Mulberry Ripeness Stages Using Deep Learning Models},
    journal = {IEEE Access},
    volume = {9},
    pages = {100380-100394},
    year = {2021},
    url = {https://doi.org/10.1109/ACCESS.2021.3096550},
    doi = {10.1109/ACCESS.2021.3096550}
}

@article{methodology7,
    author = {M. Tan and Q. V. Le},
    title = {EfficientNet: Rethinking Model Scaling for Convolutional Neural Networks},
    journal = {ArXiv},
    year = {2019},
    doi = {abs/1905.11946}
}

@article{intro1,
    author = {Nur Hordri, Siti Yuhaniz, and Siti Mariyam Shamsuddin},
    title = {Deep Learning and Its Applications: A Review},
    journal = {Proceedings of the Postgraduate Annual Research on Informatics Seminar},
    year = {2016},
    publisher = {Universiti Teknologi Malaysia},
    url = {https://www.researchgate.net/publication/317185136_Deep_Learning_and_Its_Applications_A_Review}
}

@article{intro2,
    author = {M. Krishna, M. Neelima, H. Mane, and V. Matcha},
    title = {Image Classification Using Deep Learning},
    journal = {International Journal of Engineering and Technology},
    year = {2018},
    volume = {7},
    number = {2.7},
    pages = {614},
    url = {https://doi.org/10.14419/ijet.v7i2.7.10892},
    doi = {10.14419/ijet.v7i2.7.10892}
}

@article{intro3,
    author = {L. Alzubaidi et al.},
    title = {Review of Deep Learning: Concepts, CNN Architectures, Challenges, Applications, Future Directions},
    journal = {Journal of Big Data},
    year = {2021},
    publisher = {Springer},
    url = {https://doi.org/10.1186/s40537-021-00444-8},
    doi = {10.1186/s40537-021-00444-8}
}

@article{model1-11,
    author = {Swarnambiga Ayyachamy, Varghese Alex, Mahendra Khened, and Ganapathy Krishnamurthi},
    title = {Medical Image Retrieval Using ResNet-18},
    journal = { },
    year = {2019},
    volume = {10954},
    url = {https://doi.org/10.1117/12.2515588},
    doi = {10.1117/12.2515588}
}

@article{model2,
    author = {Brett Koonce},
    title = {EfficientNet},
    journal = { },
    year = {2021},
    publisher = {Apress, Berkeley, CA},
    url = {https://doi.org/10.1007/978-1-4842-6168-2_10},
    doi = {10.1007/978-1-4842-6168-2_10}
}

@article{model3,
    author = {Nils Bjorck, Carla P. Gomes, Bart Selman, and Kilian Q. Weinberger},
    title = {Understanding Batch Normalization},
    journal = {Advances in Neural Information Processing Systems (NeurIPS)},
    year = {2018},
    publisher = {Curran Associates, Inc.},
    url = {https://proceedings.neurips.cc/paper/2018/hash/36072923bfc3cf47745d704feb489480-Abstract.html},
    doi = {10.48550/arXiv.1806.02375}
}

@article{transfusion,
    author = {Maithra Raghu, Chiyuan Zhang, Jon Kleinberg, and Samy Bengio},
    title = {Transfusion: Understanding Transfer Learning for Medical Imaging},
    journal = {Advances in Neural Information Processing Systems},
    volume = {32},
    year = {2019},
    url = {https://proceedings.neurips.cc/paper_files/paper/2019/hash/eb1e78328c46506b46a4ac4a1e378b91-Abstract.html}
}

@article{dataset1,
    author = {Nusrat Sultana, Musfika Jahan, and Mohammad Shorif Uddin},
    title = {Fresh and Rotten Fruits Dataset for Machine-Based Evaluation of Fruit Quality},
    journal = {Mendeley Data},
    year = {2022},
    url = {https://doi.org/10.17632/bdd69gyhv8.1},
    doi = {10.17632/bdd69gyhv8.1}
}
